@misc{franz2008voice,
  title={Voice interface for a search engine},
  author={Franz, A.M. and Henzinger, M.H. and Brin, S. and Milch, B.C.},
  url={https://www.google.ch/patents/US7366668},
  year={2008},
  month=apr # "~29",
  publisher={Google Patents},
  note={US Patent 7,366,668}
}
@INPROCEEDINGS{voicecontrol2014,
author={N. bt Aripin and M. B. Othman},
booktitle={2014 Electrical Power, Electronics, Communicatons, Control and Informatics Seminar (EECCIS)},
title={Voice control of home appliances using Android},
year={2014},
pages={142-146},
keywords={Bluetooth;domestic appliances;handicapped aids;home automation;home computing;mobile computing;programmable controllers;smart phones;user interfaces;Android;Arduino Uno;Bluetooth module;Google application;disabled people;elderly;home appliances;smart phone;user-friendly interface;voice command;voice control;voice recognition;Bluetooth;Home appliances;Home automation;Smart phones;Software;Speech recognition;Wireless communication},
doi={10.1109/EECCIS.2014.7003735},
month={Aug},}
@inproceedings{lecturetranslator2016,
  author    = {Markus M{\"{u}}ller and
               Thai Son Nguyen and
               Jan Niehues and
               Eunah Cho and
               Bastian Kr{\"{u}}ger and
               Thanh{-}Le Ha and
               Kevin Kilgour and
               Matthias Sperber and
               Mohammed Mediani and
               Sebastian St{\"{u}}ker and
               Alex Waibel},
  title     = {Lecture Translator - Speech translation framework for simultaneous
               lecture translation},
  booktitle = {Proceedings of the Demonstrations Session, {NAACL} {HLT} 2016, The
               2016 Conference of the North American Chapter of the Association for
               Computational Linguistics: Human Language Technologies, San Diego
               California, USA, June 12-17, 2016},
  pages     = {82--86},
  year      = {2016},
  url       = {http://aclweb.org/anthology/N/N16/N16-3017.pdf},
  timestamp = {Tue, 13 Sep 2016 19:52:46 +0200},
  biburl    = {http://dblp2.uni-trier.de/rec/bib/conf/naacl/MullerNNCKHKSMS16},
  bibsource = {dblp computer science bibliography, http://dblp.org}
}
@inproceedings{vilar2005statistical,
  title={Statistical machine translation of european parliamentary speeches},
  author={Vilar, David and Matusov, Evgeny and Hasan, Sa{\v{s}}a and Zens, Richard and Ney, Hermann},
  booktitle={Proceedings of MT Summit X},
  pages={259--266},
  year={2005}
}
